@FOOTNOTE{Note1,key="Note1",note="Mainz Spectrometer B with a beam energy of 315 MeV with Mo and Tsi radiative correction~\cite {Bernauer:2013tpr}."}
