
@article{Hill:2010yb,
      author         = "Hill, Richard J. and Paz, Gil",
      title          = "{Model independent extraction of the proton charge radius
                        from electron scattering}",
      journal        = "Phys. Rev.",
      volume         = "D82",
      year           = "2010",
      pages          = "113005",
      doi            = "10.1103/PhysRevD.82.113005",
      eprint         = "1008.4619",
      archivePrefix  = "arXiv",
      primaryClass   = "hep-ph",
      reportNumber   = "EFI-PREPRINT-10-21",
      SLACcitation   = "%%CITATION = ARXIV:1008.4619;%%"
}

@article{Rosenfelder:1999cd,
      author         = "Rosenfelder, R.",
      title          = "{Coulomb corrections to elastic electron proton
                        scattering and the proton charge radius}",
      journal        = "Phys. Lett.",
      volume         = "B479",
      year           = "2000",
      pages          = "381-386",
      doi            = "10.1016/S0370-2693(00)00316-6",
      eprint         = "nucl-th/9912031",
      archivePrefix  = "arXiv",
      primaryClass   = "nucl-th",
      reportNumber   = "PSI-PR-99-33",
      SLACcitation   = "%%CITATION = NUCL-TH/9912031;%%"
}

@ARTICLE{Andrae:2010,
   author = {{Andrae}, R. and {Schulze-Hartung}, T. and {Melchior}, P.},
    title = "{Dos and don'ts of reduced chi-squared}",
  journal = {ArXiv e-prints},
archivePrefix = "arXiv",
   eprint = {1012.3754},
 primaryClass = "astro-ph.IM",
 keywords = {Astrophysics - Instrumentation and Methods for Astrophysics, Physics - Data Analysis, Statistics and Probability, Statistics - Methodology},
     year = 2010,
    month = dec,
   adsurl = {http://adsabs.harvard.edu/abs/2010arXiv1012.3754A},
  adsnote = {Provided by the SAO/NASA Astrophysics Data System}
}

@article{Efron:1979,
author = "Efron, B.",
doi = "10.1214/aos/1176344552",
fjournal = "The Annals of Statistics",
journal = "Ann. Statist.",
month = "01",
number = "1",
pages = "1--26",
publisher = "The Institute of Mathematical Statistics",
title = "Bootstrap Methods: Another Look at the Jackknife",
url = "https://doi.org/10.1214/aos/1176344552",
volume = "7",
year = "1979"
}

@book{Sirca:2016,
  title={Probability for Physicists},
  author={{\v{S}}irca, S.},
  isbn={9783319316093},
  lccn={2016937517},
  series={Graduate Texts in Physics},
  url={https://books.google.com/books?id=mqmPjwEACAAJ},
  year={2016},
  publisher={Springer International Publishing}
}

@book{James:2006,
      author = "Frederick James",
      title  = "{S}tatistical {M}ethods in {E}xperimental {P}hysics",
      note   = "2nd Edition",
      year   = "2006",
      publisher = "World Scientific"
}

@book{Bevington:2003,
      author = "Philip R. Bevington and D.Keith Robinson",
      title = "{D}ata {R}eduction and {E}rror {A}nalysis for the {P}hysical {S}ciences",
      publisher ="McGraw-Hill",
      year      = "2003",
      note      = "3rd Edition"
}

@article{Kelly:2004hm,
      author         = "Kelly, J. J.",
      title          = "{Simple parametrization of nucleon form factors}",
      journal        = "Phys. Rev.",
      volume         = "C70",
      year           = "2004",
      pages          = "068202",
      doi            = "10.1103/PhysRevC.70.068202",
      SLACcitation   = "%%CITATION = PHRVA,C70,068202;%%"
}


@article{Puckett:2017flj,
      author         = "Puckett, A. J. R. and others",
      title          = "{Polarization Transfer Observables in Elastic Electron
                        Proton Scattering at $Q^2 = $2.5, 5.2, 6.8, and 8.5
                        GeV$^2$}",
      journal        = "Phys. Rev.",
      volume         = "C96",
      year           = "2017",
      number         = "5",
      pages          = "055203",
      doi            = "10.1103/PhysRevC.96.055203",
      eprint         = "1707.08587",
      archivePrefix  = "arXiv",
      primaryClass   = "nucl-ex",
      reportNumber   = "JLAB-PHY-17-2533",
      SLACcitation   = "%%CITATION = ARXIV:1707.08587;%%"
}

@article{Gutsche:2017lyu,
      author         = "Gutsche, Thomas and Lyubovitskij, Valery E. and Schmidt,
                        Ivan",
      title          = "{Electromagnetic structure of nucleon and Roper in
                        soft-wall AdS/QCD}",
      journal        = "Phys. Rev.",
      volume         = "D97",
      year           = "2018",
      number         = "5",
      pages          = "054011",
      doi            = "10.1103/PhysRevD.97.054011",
      eprint         = "1712.08410",
      archivePrefix  = "arXiv",
      primaryClass   = "hep-ph",
      SLACcitation   = "%%CITATION = ARXIV:1712.08410;%%"
}


@article{Alarcon:2017lhg,
      author         = "Alarcón, J. M. and Weiss, C.",
      title          = "{Nucleon form factors in dispersively improved Chiral
                        Effective Field Theory II: Electromagnetic form factors}",
      year           = "2017",
      eprint         = "1710.06430",
      archivePrefix  = "arXiv",
      primaryClass   = "hep-ph",
      reportNumber   = "JLAB-THY-17-2568",
      SLACcitation   = "%%CITATION = ARXIV:1710.06430;%%"
}

@Misc{Jones:2001,
  author =    {Eric Jones and Travis Oliphant and Pearu Peterson and others},
  title =     {{SciPy}: Open source scientific tools for {Python}},
  year =      {2001--},
  url = "http://www.scipy.org/"
}

@misc{Newville:2014,
  author       = {Newville, Matthew and
                  Stensitzki, Till and
                  Allen, Daniel B. and
                  Ingargiola,  Antonino},
  title        = {{LMFIT: Non-Linear Least-Square Minimization and
                   Curve-Fitting for Python¶}},
  month        = sep,
  year         = 2014,
  doi          = {10.5281/zenodo.11813},
  url          = {https://doi.org/10.5281/zenodo.11813}
}

@article{Ye:2017gyb,
      author         = "Ye, Zhihong and Arrington, John and Hill, Richard J. and
                        Lee, Gabriel",
      title          = "{Proton and neutron electromagnetic form factors and
                        uncertainties}",
      journal        = "Phys. Lett.",
      volume         = "B777",
      year           = "2018",
      pages          = "8-15",
      doi            = "10.1016/j.physletb.2017.11.023",
      eprint         = "1707.09063",
      archivePrefix  = "arXiv",
      primaryClass   = "nucl-ex",
      reportNumber   = "FERMILAB-PUB-17-281-T",
      SLACcitation   = "%%CITATION = ARXIV:1707.09063;%%"
}

@article{Murphy:1974zz,
      author         = "Murphy, J. J. and Shin, Y. M. and Skopik, D. M.",
      title          = "{Proton form factor from 0.15 to 0.79 fm-2}",
      journal        = "Phys. Rev.",
      volume         = "C9",
      year           = "1974",
      pages          = "2125-2129",
      doi            = "10.1103/PhysRevC.9.2125, 10.1103/PhysRevC.10.2111",
      note           = "[Erratum: Phys. Rev.C10,2111(1974)]",
      SLACcitation   = "%%CITATION = PHRVA,C9,2125;%%"
}



@Article{Schwarz:1978,
author = "Schwarz, Gideon",
doi = "10.1214/aos/1176344136",
journal = "Ann. Statist.",
month = "03",
number = "2",
pages = "461--464",
publisher = "The Institute of Mathematical Statistics",
title = "Estimating the Dimension of a Model",
url = "https://doi.org/10.1214/aos/1176344136",
volume = "6",
year = "1978"
}

@Article{Ernst:2012,
author = {Wit, Ernst and Heuvel, Edwin van den and Romeijn, Jan-Willem},
title = {‘All models are wrong...’: an introduction to model uncertainty},
journal = {Statistica Neerlandica},
volume = {66},
number = {3},
publisher = {Blackwell Publishing Ltd},
issn = {1467-9574},
url = {http://dx.doi.org/10.1111/j.1467-9574.2012.00530.x},
doi = {10.1111/j.1467-9574.2012.00530.x},
pages = {217--236},
keywords = {model selection, model uncertainty, Bayesian, frequentist, foundations, confirmation theory, questionnaire},
year = {2012},
}



@Article{Akaike:1974,
author={H. Akaike},
journal={IEEE Transactions on Automatic Control},
title={A new look at the statistical model identification},
year={1974},
volume={19},
number={6},
pages={716-723},
doi={10.1109/TAC.1974.1100705}
}

@article{Alberico:2008sz,
      author         = "Alberico, W. M. and Bilenky, S. M. and Giunti, C. and
                        Graczyk, K. M.",
      title          = "{Electromagnetic form factors of the nucleon: New Fit and
                        analysis of uncertainties}",
      journal        = "Phys. Rev.",
      volume         = "C79",
      year           = "2009",
      pages          = "065204",
      doi            = "10.1103/PhysRevC.79.065204",
      eprint         = "0812.3539",
      archivePrefix  = "arXiv",
      primaryClass   = "hep-ph",
      SLACcitation   = "%%CITATION = ARXIV:0812.3539;%%"
}

@article{Brighton:2015,
    Author = {Henry Brighton and Gerd Gigerenzer},
    Doi = {https://doi.org/10.1016/j.jbusres.2015.01.061},
    Issn = {0148-2963},
    Journal = {Journal of Business Research},
    Keywords = {Simple heuristics, Uncertainty, Bias--variance dilemma, Occam's razor, Out-of-sample prediction, Bias bias},
    Note = {Special Issue on Simple Versus Complex Forecasting},
    Number = {8},
    Pages = {1772 - 1784},
    Title = {The bias bias},
    Url = {http://www.sciencedirect.com/science/article/pii/S014829631500154X},
    Volume = {68},
    Year = {2015},
    Bdsk-Url-1 = {http://www.sciencedirect.com/science/article/pii/S014829631500154X},
    Bdsk-Url-2 = {https://doi.org/10.1016/j.jbusres.2015.01.061}}       

@article{Box76,
 ISSN = {01621459},
 URL = {http://www.jstor.org/stable/2286841},
 author = {George E. P. Box},
 journal = {Journal of the American Statistical Association},
 number = {356},
 pages = {791-799},
 title = {Science and Statistics},
 volume = {71},
 year = {1976}
}


@article{Hand:1963zz,
     author         = "Hand, L. N. and Miller, D. G. and Wilson, Richard",
     title          = "{Electric and Magnetic Formfactor of the Nucleon}",
     journal        = "Rev. Mod. Phys.",
     volume         = "35",
     year           = "1963",
     pages          = "335",
     doi            = "10.1103/RevModPhys.35.335",
     SLACcitation   = "%%CITATION = RMPHA,35,335;%%"
}

@article {Beyer79,                                                                                                        
   author = {Beyer, Axel and Maisenbacher, Lothar and Matveev, Arthur and Pohl, Randolf and Khabarova, Ksenia and Grinin,     Alexey and Lamour, Tobias and Yost, Dylan C. and H{\"a}nsch, Theodor W. and Kolachevsky, Nikolai and Udem, Thomas},
   title = {The Rydberg constant and proton size from atomic hydrogen},
   volume = {358},
   number = {6359},
   pages = {79--85},
   year = {2017},
   doi = {10.1126/science.aah6677},
   publisher = {American Association for the Advancement of Science},
   issn = {0036-8075},
   URL = {http://science.sciencemag.org/content/358/6359/79},
   eprint = {http://science.sciencemag.org/content/358/6359/79.full.pdf},
   journal = {Science}
}

@phdthesis{fleurbaey:tel-01633631,
  TITLE = {{Frequency metrology of the 1S-3S transition of hydrogen: contribution to the proton charge radius puzzle}},
  AUTHOR = {Fleurbaey, H{\'e}l{\`e}ne},
  URL = {https://tel.archives-ouvertes.fr/tel-01633631},
  SCHOOL = {{Universit{\'e} Pierre et Marie Curie (UPMC)}},
  YEAR = {2017},
  MONTH = Oct,
  KEYWORDS = {metrology  ;  proton charge radius  ;  hydrogen atom  ;  spectroscopy  ;  UV laser source  ;  quantum electrodynamics ; m{\'e}trologie  ;  rayon de charge du proton  ;  atome d'hydrog{\`e}ne  ;  spectroscopie  ;  source laser UV  ;  {\'e}lectrodynamique quantique},
  TYPE = {Theses},
  PDF = {https://tel.archives-ouvertes.fr/tel-01633631/file/these_archivage_2969287.pdf},
  HAL_ID = {tel-01633631},
  HAL_VERSION = {v1},
}

@article{Sick:2003gm,
      author         = "Sick, Ingo",
      title          = "{On the RMS radius of the proton}",
      journal        = "Phys. Lett.",
      volume         = "B576",
      year           = "2003",
      pages          = "62-67",
      doi            = "10.1016/j.physletb.2003.09.092",
      eprint         = "nucl-ex/0310008",
      archivePrefix  = "arXiv",
      primaryClass   = "nucl-ex",
      SLACcitation   = "%%CITATION = NUCL-EX/0310008;%%"
}


@article{Bernauer:2013tpr,
      author         = "Bernauer, J. C. and others",
      title          = "{Electric and magnetic form factors of the proton}",
      collaboration  = "A1",
      journal        = "Phys. Rev.",
      volume         = "C90",
      year           = "2014",
      number         = "1",
      pages          = "015206",
      doi            = "10.1103/PhysRevC.90.015206",
      eprint         = "1307.6227",
      archivePrefix  = "arXiv",
      primaryClass   = "nucl-ex",
      SLACcitation   = "%%CITATION = ARXIV:1307.6227;%%"
}

@article{Antognini:1900ns,
      author         = "Antognini, Aldo and others",
      title          = "{Proton Structure from the Measurement of $2S-2P$
                        Transition Frequencies of Muonic Hydrogen}",
      journal        = "Science",
      volume         = "339",
      year           = "2013",
      pages          = "417-420",
      doi            = "10.1126/science.1230016",
      SLACcitation   = "%%CITATION = SCIEA,339,417;%%"
}

@article{Mohr:2015ccw,
      author         = "Mohr, Peter J. and Newell, David B. and Taylor, Barry N.",
      title          = "{CODATA Recommended Values of the Fundamental Physical
                        Constants: 2014}",
      journal        = "Rev. Mod. Phys.",
      volume         = "88",
      year           = "2016",
      number         = "3",
      pages          = "035009",
      doi            = "10.1103/RevModPhys.88.035009",
      eprint         = "1507.07956",
      archivePrefix  = "arXiv",
      primaryClass   = "physics.atom-ph",
      SLACcitation   = "%%CITATION = ARXIV:1507.07956;%%"
}


@article{Pohl:2010zza,
      author         = "Pohl, Randolf and others",
      title          = "{The size of the proton}",
      journal        = "Nature",
      volume         = "466",
      year           = "2010",
      pages          = "213-216",
      doi            = "10.1038/nature09250",
      SLACcitation   = "%%CITATION = NATUA,466,213;%%"
}

@article{Krauth:2017ijq,
      author         = "Krauth, J. J. and others",
      title          = "{The proton radius puzzle}",
      year           = "2017",
      eprint         = "1706.00696",
      archivePrefix  = "arXiv",
      primaryClass   = "physics.atom-ph",
      SLACcitation   = "%%CITATION = ARXIV:1706.00696;%%"
}

@article{Atman2016,
	Author = {Altman, Naomi and Krzywinski, Martin},
	Journal = {Nat Meth},
	Volume = {13},
	Year = {2016},
    Number = {5},
	doi  = {10.1038/nmeth.3854},
	Pages = {385--386},
	Title = {Points of Significance:  Regression diagnostics},
	Url = {http://dx.doi.org/10.1038/nmeth.3854},
	Bdsk-Url-1 = {http://dx.doi.org/10.1038/nmeth.3854}
}

@article{Lee:2015jqa,
      author         = "Lee, Gabriel and Arrington, John R. and Hill, Richard J.",
      title          = "{Extraction of the proton radius from electron-proton
                        scattering data}",
      journal        = "Phys. Rev.",
      volume         = "D92",
      year           = "2015",
      number         = "1",
      pages          = "013013",
      doi            = "10.1103/PhysRevD.92.013013",
      eprint         = "1505.01489",
      archivePrefix  = "arXiv",
      primaryClass   = "hep-ph",
      reportNumber   = "EFI-PREPRINT-14-35",
      SLACcitation   = "%%CITATION = ARXIV:1505.01489;%%"
}

@article{Lever:2016,
        Author = {Lever, Jake and Krzywinski, Martin and Altman, Naomi},
        Date = {2016/09//print},
        Date-Added = {2017-11-04 21:26:28 +0000},
        Date-Modified = {2017-11-04 21:26:28 +0000},
        Isbn = {1548-7091},
        Journal = {Nature Methods},
        Volume = {13},
        Year = {2016},
        Number = {9},
        Pages = {703--704},
        doi = {10.1038/nmeth.3968},
        Title = {Points of Significance: Model selection and overfitting},
        Url = {http://dx.doi.org/10.1038/nmeth.3968},
        Bdsk-Url-1 = {http://dx.doi.org/10.1038/nmeth.3968}
}

@article{Hogg:2010yz,
      author         = "Hogg, David W. and Bovy, Jo and Lang, Dustin",
      title          = "{Data analysis recipes: Fitting a model to data}",
      year           = "2010",
      eprint         = "1008.4686",
      archivePrefix  = "arXiv",
      primaryClass   = "astro-ph.IM",
      SLACcitation   = "%%CITATION = ARXIV:1008.4686;%%"
}


@article{Griffioen:2015hta,
      author         = "Griffioen, Keith and Carlson, Carl and Maddox, Sarah",
      title          = "{Consistency of electron scattering data with a small
                        proton radius}",
      journal        = "Phys. Rev.",
      volume         = "C93",
      year           = "2016",
      number         = "6",
      pages          = "065207",
      doi            = "10.1103/PhysRevC.93.065207",
      eprint         = "1509.06676",
      archivePrefix  = "arXiv",
      primaryClass   = "nucl-ex",
      SLACcitation   = "%%CITATION = ARXIV:1509.06676;%%"
}

@book{Hastie:2009,
  author = {Hastie, Trevor and Tibshirani, Robert and Friedman, Jerome H.},
  biburl = {https://www.bibsonomy.org/bibtex/2668c370a3a5a5fa450d8dee07ce2c736/dblp},
  isbn = {9780387848570},
  publisher = {Springer},
  series = {Springer series in statistics},
  title = {The elements of statistical learning: data mining, inference, and prediction, 2nd Edition.},
  year = 2009
}

@article{Krauth:2017,
   author = {{Krauth}, J.~J. and {Schuhmann}, K. and {Abdou Ahmed}, M. and
	{Amaro}, F.~D. and {Amaro}, P. and {Biraben}, F. and {Cardoso}, J.~M.~R. and
	{Carvalho}, M.~L. and {Covita}, D.~S. and {Dax}, A. and {Dhawan}, S. and
	{Diepold}, M. and {Fernandes}, L.~M.~P. and {Franke}, B. and
	{Galtier}, S. and {Giesen}, A. and {Gouvea}, A.~L. and {G{\"o}tzfried}, J. and
	{Graf}, T. and {Guerra}, M. and {Haack}, J. and {H{\"a}nsch}, T.~W. and
	{Hildebrandt}, M. and {Indelicato}, P. and {Julien}, L. and
	{Kirch}, K. and {Knecht}, A. and {Knowles}, P. and {Kottmann}, F. and
	{Le Bigot}, E.-O. and {Liu}, Y.-W. and {Lopes}, J.~A.~M. and
	{Ludhova}, L. and {Machado}, J. and {Monteiro}, C.~M.~B. and
	{Mulhauser}, F. and {Nebel}, T. and {Nez}, F. and {Rabinowitz}, P. and
	{Rapisarda}, E. and {dos Santos}, J.~M.~F. and {Santos}, J.~P. and
	{Schaller}, L.~A. and {Schwob}, C. and {Szabo}, C.~I. and {Taqqu}, D. and
	{Veloso}, J.~F.~C.~A. and {Voss}, A. and {Weichelt}, B. and
	{Willig}, M. and {Pohl}, R. and {Antognini}, A.},
    title = "{The proton radius puzzle}",
  journal = {ArXiv e-prints},
  archivePrefix = "arXiv",
  eprint = {1706.00696},
 primaryClass = "physics.atom-ph",
 keywords = {Physics - Atomic Physics},
     year = 2017,
    month = jun,
   adsurl = {http://adsabs.harvard.edu/abs/2017arXiv170600696K},
  adsnote = {Provided by the SAO/NASA Astrophysics Data System}
}

@article{Shmueli:2010,
author = "Shmueli, Galit",
doi = "10.1214/10-STS330",
fjournal = "Statistical Science",
journal = "Statist. Sci.",
month = "08",
number = "3",
pages = "289--310",
publisher = "The Institute of Mathematical Statistics",
title = "To Explain or to Predict?",
url = "https://doi.org/10.1214/10-STS330",
volume = "25",
year = "2010"
}

@article{Sick:2017aor,
      author         = "Sick, Ingo and Trautmann, Dirk",
      title          = "{Proton rms-radii from low-q power expansions?}",
      journal        = "Phys. Rev.",
      volume         = "C95",
      year           = "2017",
      number         = "1",
      pages          = "012501",
      doi            = "10.1103/PhysRevC.95.012501",
      eprint         = "1701.01809",
      archivePrefix  = "arXiv",
      primaryClass   = "nucl-ex",
      SLACcitation   = "%%CITATION = ARXIV:1701.01809;%%"
}

@article{Borkowski:1975,
author="Borkowski, F.
and Simon, G. G.
and Walther, V. H.
and Wendling, R. D.",
title="On the determination of the proton RMS-radius from electron scattering data",
journal="Zeitschrift f{\"u}r Physik A Atoms and Nuclei",
year="1975",
month="Mar",
day="01",
volume="275",
number="1",
pages="29--31",
issn="0939-7922",
doi="10.1007/BF01409496",
url="https://doi.org/10.1007/BF01409496"
}


@article{Kraus:2014qua,
      author         = "Kraus, E. and Mesick, K. E. and White, A. and Gilman, R.
                        and Strauch, S.",
      title          = "{Polynomial fits and the proton radius puzzle}",
      journal        = "Phys. Rev.",
      volume         = "C90",
      year           = "2014",
      number         = "4",
      pages          = "045206",
      doi            = "10.1103/PhysRevC.90.045206",
      eprint         = "1405.4735",
      archivePrefix  = "arXiv",
      primaryClass   = "nucl-ex",
      SLACcitation   = "%%CITATION = ARXIV:1405.4735;%%"
}


@article{Horbatsch:2016ilr,
      author         = "Horbatsch, Marko and Hessels, Eric A. and Pineda,
                        Antonio",
      title          = "{Proton radius from electron-proton scattering and chiral
                        perturbation theory}",
      journal        = "Phys. Rev.",
      volume         = "C95",
      year           = "2017",
      number         = "3",
      pages          = "035203",
      doi            = "10.1103/PhysRevC.95.035203",
      eprint         = "1610.09760",
      archivePrefix  = "arXiv",
      primaryClass   = "nucl-th",
      SLACcitation   = "%%CITATION = ARXIV:1610.09760;%%"
}

@article{Higinbotham:2015rja,
      author         = "Higinbotham, Douglas W. and Kabir, Al Amin and Lin,
                        Vincent and Meekins, David and Norum, Blaine and Sawatzky,
                        Brad",
      title          = "{Proton radius from electron scattering data}",
      journal        = "Phys. Rev.",
      volume         = "C93",
      year           = "2016",
      number         = "5",
      pages          = "055207",
      doi            = "10.1103/PhysRevC.93.055207",
      eprint         = "1510.01293",
      archivePrefix  = "arXiv",
      primaryClass   = "nucl-ex",
      reportNumber   = "JLAB-PHY-16-2",
      SLACcitation   = "%%CITATION = ARXIV:1510.01293;%%"
}

