@FOOTNOTE{Note1,key="Note1",note="Data from Mainz spectrometer B with a beam energy of 315 MeV with radiative and Coulomb corrections~\cite {Bernauer:2013tpr}."}
